@ARTICLE{bibexample,
	author = {L[eslie] A. LastName},
	title = {The Lorem Ipsum},
	journal = {\mbox{Lorem Ipsum's} Journal},
	year = 1986,
}